@book{Oxley,
author = {James Oxley},
title = {Matroid Theory},
year = {1992},
}
